@book{COBA01,
editor = "Luis Catillo, Daniel Borrajo, Miguel A. Salido and Angelo Oddi",
title = "Planning, Scheduling and Constraint Satisfaction: From Theory to Practice",
year = "2005",
publisher = "IOS Press",
address = "Neuwe Henweg 6B, 1013 BG Amsterdam, The Netherlands"
}

@misc{unixODBC,
author = {Martin J. Evans},
title = {Acessing Remote Access DB},
month = feb,
year = {2011},
note= "URL: \texttt{http://mailman.unixodbc.org/pipermail/unixodbc-support/2008-March/001682.html}"
}

